
@book{lambrecht_topic_1981,
	address = {Amsterdam : Philadelphia, Pa},
	series = {Pragmatics \& beyond},
	title = {Topic, antitopic, and verb agreement in non-standard {French}},
	isbn = {978-90-272-2526-9},
	number = {II:6},
	publisher = {J. Benjamins},
	author = {Lambrecht, Knud},
	year = {1981},
}

@book{tomlin_basic_1986,
	address = {London ; Wolfeboro, N.H},
	series = {Croom {Helm} linguistics series},
	title = {Basic word order: functional principles},
	isbn = {978-0-7099-2499-9},
	shorttitle = {Basic word order},
	publisher = {Croom Helm},
	author = {Tomlin, Russell S.},
	year = {1986},
	keywords = {Grammar, Comparative and general, Word order},
	annote = {Revision of author's thesis--University of Michigan, 1979, originally presented under the title: An explanation of the distribution of basic constituent orders Includes index}
}

@incollection{geluykens_tails_1987,
	title = {Tails (right-dislocations) as a repair mechanism in {English} conversation},
	booktitle = {Getting {One}'s {Words} {Into} {Line}: {On} {Word} {Order} and {Functional} {Grammar}},
	publisher = {Foris Publications},
	author = {Geluykens, Ronald},
	editor = {Nuyts, Jan and de Schutter, G.},
	year = {1987},
	pages = {119--129}
}

@book{huddleston_cambridge_2002,
	address = {Cambridge, UK ; New York},
	title = {The {Cambridge} grammar of the {English} language},
	isbn = {978-0-521-43146-0},
	publisher = {Cambridge University Press},
	author = {Huddleston, Rodney D. and Pullum, Geoffrey K.},
	year = {2002},
	keywords = {English language, Grammar}
}

@incollection{ward_discourse_1996,
	address = {Stanford, CA},
	title = {On the {Discourse} {Function} of {Rightward} {Movement} in {English}},
	isbn = {1-57586-040-6},
	booktitle = {Conceptual {Structure}, {Discourse} and {Language}},
	publisher = {CSLI},
	author = {Ward, Gregory and Birner, Betty},
	editor = {Goldberg, Adele},
	year = {1996},
	pages = {463-- 479}
}

@article{de_cat_french_2007,
	title = {French {Dislocation} without {Movement}},
	volume = {25},
	number = {3},
	journal = {Natural Language \& Linguistic Theory},
	author = {De Cat, Cécile},
	month = aug,
	year = {2007},
	pages = {485-- 534}
}

@inproceedings{ziv_right_1994,
	title = {Right {Dislocation} and {Attentional} {State}},
	booktitle = {Proceedings of the {Ninth} {Annual} {Conference} and of the {Workshop} on {Discourse}},
	publisher = {The Israeli Association for Theoretical Linguistics},
	author = {Ziv, Yael and Grosz, Barbara},
	year = {1994},
	pages = {184--199}
}

@incollection{grosz_centering_1998,
	title = {Centering, {Global} {Focus}, and {Right} {Dislocation}},
	booktitle = {Centering {Theory} in {Discourse}},
	publisher = {Clarendon Press Oxford},
	author = {Grosz, Barbara and Ziv, Yael},
	editor = {Walker, Marilyn A. and Joshi, Aravind K. and Prince, Ellen F.},
	year = {1998},
	pages = {293--308}
}

@article{hong_rightward_2008,
	title = {Rightward {Movement} and {English} {Subject} {Postposing}},
	issn = {1598-9453},
	url = {http://www.kci.go.kr/kciportal/landing/article.kci?arti_id=ART001254339},
	doi = {10.17960/ell.2008..25.011},
	language = {en},
	number = {25},
	urldate = {2017-02-10},
	journal = {English Language and Linguistics},
	author = {Hong, Sungshim},
	month = jun,
	year = {2008},
	pages = {217--239}
}

@article{ziv_left_1994,
	title = {Left and right dislocations: {Discourse} functions and anaphora},
	volume = {22},
	issn = {03782166},
	shorttitle = {Left and right dislocations},
	doi = {10.1016/0378-2166(94)90033-7},
	language = {en},
	number = {6},
	urldate = {2017-02-10},
	journal = {Journal of Pragmatics},
	author = {Ziv, Yael},
	month = dec,
	year = {1994},
	pages = {629--645}
}

@article{davison_syntactic_1984,
	title = {Syntactic markedness and the definition of sentence topic},
	volume = {60},
	issn = {1535-0665},
	doi = {10.1353/lan.1984.0012},
	language = {en},
	number = {4},
	urldate = {2017-02-10},
	journal = {Language},
	author = {Davison, Alice},
	year = {1984},
	pages = {797--846}
}

@incollection{roberts_topics_2011,
	series = {{HSK}},
	title = {Topics},
	volume = {2},
	number = {33.2},
	booktitle = {Semantics},
	publisher = {De Gruyter},
	author = {Roberts, Craige},
	editor = {von Heusinger, Klaus and Maienborn, Claudia and Portner, Paul},
	year = {2011}
}

@book{lambrecht_information_2000,
	address = {Cambridge},
	series = {Cambridge studies in linguistics},
	title = {Information structure and sentence form: topic, focus, and the mental representations of discourse referents},
	isbn = {978-0-521-58704-4 978-0-521-38056-0},
	shorttitle = {Information structure and sentence form},
	language = {eng},
	number = {71},
	publisher = {Cambridge Univ. Press},
	author = {Lambrecht, Knud},
	year = {2000},
}

@article{aijmer_themes_1989,
	title = {Themes and {Tails}: {The} {Discourse} {Functions} of {Dislocated} {Elements}},
	volume = {12},
	issn = {0332-5865, 1502-4717},
	shorttitle = {Themes and {Tails}},
	doi = {10.1017/S033258650000202X},
	language = {en},
	number = {02},
	urldate = {2017-10-09},
	journal = {Nordic Journal of Linguistics},
	author = {Aijmer, Karin},
	month = dec,
	year = {1989},
	pages = {137--154}
}

@article{durham_right_2011,
	title = {Right dislocation in {Northern} {England}: {Frequency} and use — perception meets reality},
	volume = {32},
	issn = {0172-8865, 1569-9730},
	shorttitle = {Right dislocation in {Northern} {England}},
	doi = {10.1075/eww.32.3.01dur},
	language = {en},
	number = {3},
	urldate = {2017-10-09},
	journal = {English World-Wide},
	author = {Durham, Mercedes},
	year = {2011},
	pages = {257--279}
}

@article{bowdle_generic_1995,
	title = {Generic {Demonstratives}},
	volume = {21},
	issn = {2377-1666, 0363-2946},
	doi = {10.3765/bls.v21i1.1396},
	number = {1},
	urldate = {2017-10-09},
	journal = {Annual Meeting of the Berkeley Linguistics Society},
	author = {Bowdle, Brian F. and Ward, Gregory},
	month = jun,
	year = {1995},
	pages = {32}
}

@article{acton_that_2014,
	title = {That straight talk: {Sarah} {Palin} and the sociolinguistics of demonstratives},
	volume = {18},
	issn = {13606441},
	shorttitle = {That straight talk},
	doi = {10.1111/josl.12062},
	language = {en},
	number = {1},
	urldate = {2017-10-09},
	journal = {Journal of Sociolinguistics},
	author = {Acton, Eric K. and Potts, Christopher},
	month = feb,
	year = {2014},
	pages = {3--31}
}

@article{chen_english_1990,
	title = {English demonstratives: {A} case of semantic expansion},
	volume = {12},
	issn = {03880001},
	shorttitle = {English demonstratives},
	doi = {10.1016/0388-0001(90)90009-6},
	language = {en},
	number = {2-3},
	urldate = {2017-10-09},
	journal = {Language Sciences},
	author = {Chen, Rong},
	month = jan,
	year = {1990},
	pages = {139--153}
}

@article{potts_affective_2010,
	series = {5},
	title = {Affective `{This}'},
	volume = {3},
	journal = {Linguistic Issues in Language Technology},
	author = {Potts, Christopher and Schwarz, Florian},
	year = {2010},
	pages = {1--30}
}

@phdthesis{wolter_thats_2006,
	address = {Santa Cruz},
	type = {{PhD}},
	title = {That's {That}: {The} {Semantics} and {Pragmatics} of {Demonstrative} {Noun} {Phrases}},
	school = {University of California},
	author = {Wolter, Lynsey Kay},
	month = jun,
	year = {2006}
}

@book{bnc_byu_2004,
	series = {(Based on the British National Corpus from Oxford University Press)},
	title = {{BYU}-{BNC}},
	publisher = {Available online at \url{https://corpus.byu.edu/bnc/}},
	author = {Davies, Mark},
	year = {2004--}
}

@phdthesis{acton2014pragmatics,
  title={Pragmatics and the social meaning of determiners},
  author={Acton, Eric K},
  year={2014},
  school={Stanford University}
}

@book{kayne_antisymmetry_1994,
	address = {Cambridge, Mass},
	series = {Linguistic inquiry monographs},
	title = {The antisymmetry of syntax},
	isbn = {978-0-262-11194-2 978-0-262-61107-7},
	number = {25},
	publisher = {MIT Press},
	author = {Kayne, Richard S.},
	year = {1994},
	keywords = {Grammar, Comparative and general, Syntax}
}

@article{ott_right-dislocation_2016,
	title = {Right-dislocation as deletion},
	volume = {34},
	issn = {0167-806X, 1573-0859},
	doi = {10.1007/s11049-015-9307-7},
	language = {en},
	number = {2},
	urldate = {2018-03-12},
	journal = {Natural Language \& Linguistic Theory},
	author = {Ott, Dennis and de Vries, Mark},
	month = may,
	year = {2016},
	pages = {641--690}
}

@article{ott_thinking_2012,
	title = {Thinking in the right direction: {An} ellipsis analysis of right-dislocation},
	volume = {29},
	issn = {0929-7332, 1569-9919},
	shorttitle = {Thinking in the right direction},
	url = {https://benjamins.com/catalog/avt.29.10ott/fulltext},
	doi = {10.1075/avt.29.10ott},
	language = {en},
	urldate = {2018-03-12},
	journal = {Linguistics in the Netherlands},
	author = {Ott, Dennis and de Vries, Mark},
	month = nov,
	year = {2012},
	pages = {123--134}
}

@inproceedings{kamada2015english,
  title={English Right Dislocation},
  author={Kamada, Kohji},
  booktitle={Proceedings of the 29th Pacific Asia Conference on Language, Information and Computation},
  pages={221--230},
  year={2015}
}

@article {cecchetto1999comparative,
author = {Cecchetto, Carlo},
title = {A Comparative Analysis of Left and Right Dislocation in Romance},
journal = {Studia Linguistica},
volume = {53},
number = {1},
publisher = {Blackwell Publishers Ltd},
issn = {1467-9582},
doi = {10.1111/1467-9582.00039},
pages = {40--67},
year = {1999},
}

@article{tanaka_2001, title={Right-Dislocation as scrambling}, volume={37}, DOI={10.1017/S0022226701001049}, number={3}, journal={Journal of Linguistics}, publisher={Cambridge University Press}, author={Tanaka, Hidekazu}, year={2001}, pages={551–579}}

@phdthesis{kamada2009rightward,
  title={Rightward movement phenomena in human language},
  author={Kamada, Kohji},
  year={2009},
  school={University of Edinburgh}
}

@book{geluykens1992discourse,
  title={From discourse process to grammatical construction: On left-dislocation in English},
  author={Geluykens, Ronald},
  volume={1},
  year={1992},
  publisher={John Benjamins Publishing}
}

@article{gundel2004topic,
  title={Topic and focus},
  author={Gundel, Jeanette K and Fretheim, Thorstein},
  journal={The handbook of pragmatics},
  volume={175},
  pages={196},
  year={2004},
  publisher={Blackwell Oxford}
}

@article{gundel1985shared,
  title={`{S}hared knowledge' and topicality},
  author={Gundel, Jeanette K},
  journal={Journal of pragmatics},
  volume={9},
  number={1},
  pages={83--107},
  year={1985},
  publisher={Elsevier}
}

@article{gundel1988universals,
  title={Universals of topic-comment structure},
  author={Gundel, Jeanette K},
  journal={Studies in syntactic typology},
  volume={17},
  pages={209--239},
  year={1988}
}

@book{Reinhart1982-REIPAL-2,
	author = {Tanya Reinhart},
	title = {Pragmatics and Linguistics an Analysis of Sentence Topics},
	year = {1982},
	publisher = {Indiana University Linguistics Club}
}

@article{halliday1967notes,
  title={Notes on transitivity and theme in English: Part 2},
  author={Halliday, Michael AK},
  journal={Journal of linguistics},
  volume={3},
  number={2},
  pages={199--244},
  year={1967},
  publisher={Cambridge University Press}
}


@article{rodman1974left,
  title={On left dislocation},
  author={Rodman, Robert},
  journal={Research on Language \& Social Interaction},
  volume={7},
  number={3-4},
  pages={437--466},
  year={1974},
  publisher={Taylor \& Francis}
}

@article{gregory_topicalization_2001,
	title = {Topicalization and left-dislocation: a functional opposition revisited},
	volume = {33},
	issn = {03782166},
	shorttitle = {Topicalization and left-dislocation},
	doi = {10.1016/S0378-2166(00)00063-1},
	language = {en},
	number = {11},
	urldate = {2018-03-12},
	journal = {Journal of Pragmatics},
	author = {Gregory, Michelle L. and Michaelis, Laura A.},
	month = nov,
	year = {2001},
	pages = {1665--1706}
}

@book{labov_therapeutic_1977,
	address = {New York},
	title = {Therapeutic discourse: psychotherapy as conversation},
	isbn = {978-0-12-432050-5},
	shorttitle = {Therapeutic discourse},
	publisher = {Academic Press},
	author = {Labov, William and Fanshel, David},
	year = {1977},
	keywords = {Conversation, Psychotherapy},
	annote = {Includes indexes}
}

@book{visser_historical_1963,
	address = {Leiden},
	title = {An historical syntax of the {English} language},
	volume = {1},
	publisher = {E. J. Brill},
	author = {Visser, F. Th},
	year = {1963}
}

@incollection{edwards_research_1985,
	series = {Varieties of {English} {Around} the {World}},
	title = {Research on non-standard dialects of {British} {English}: {Progress} and prospects},
	volume = {4},
	booktitle = {Focus on: {England} and {Wales}},
	publisher = {John Benjamins B. V.},
	author = {Edwards, Viv and Weltens, Bert},
	editor = {Viereck, Wolfgang and Görlach, Manfred},
	year = {1985}
}

@article{haviland_clark_1974,
    author = {Haviland, Susan E. and Clark, Herbert H. },
    year = {1974},
    month = {10},
    pages = {512-521},
    title = {What's new? {Acquiring} New information as a process in comprehension},
    volume = {13},
    journal = {Journal of Verbal Learning and Verbal Behavior}
}



@incollection{melchers_its_1983,
	address = {Stockhom},
	title = {``{It}'s a Sweet Thing, is Tea-Cake" -- {A} Study of Tag Statements},
	booktitle = {Papers from the {Second} {Scandinavian} {Symposium} on {Syntactic} {Variation}},
	publisher = {Acta Universitatis Stockhomiensis},
	author = {Melchers, Gunnel},
	editor = {Jacobson, Sven},
	year = {1983},
	pages = {57--66}
}